@inproceedings{han2020ghostnet,
  title={GhostNet: More Features from Cheap Operations},
  author={Han, Kai and Wang, Yunhe and Tian, Qiulin and Guo, Jianyuan and Xu, Chunjing and Xu, Chang},
  booktitle={Proceedings of the IEEE/CVF Conference on Computer Vision and Pattern Recognition (CVPR)},
  pages={1580--1589},
  year={2020}
}

@article{han2022yolov7,
  title={YOLOv7: Trainable bag-of-freebies sets new state-of-the-art for real-time object detectors},
  author={Wang, Chien-Yao and Bochkovskiy, Alexey and Liao, Hong-Yuan Mark},
  journal={arXiv preprint arXiv:2207.02696},
  year={2022}
}

@misc{ghostmodule-paperswithcode,
  title = {Ghost Module - Papers with Code},
  year = {2024},
  howpublished = {\url{https://paperswithcode.com/method/ghost-module}},
  note = {Accessed: 2024-08-13}
}